@electronic{ref:enunciado,
    title = "Projeto 1",
    author={Helio, PEDRINI},
    howpublished = "Disponível em: \url{http://www.ic.unicamp.br/~helio/disciplinas/MC920/trabalho1.pdf},
    Acesso em: 09-04-2019",
    url = {http://www.ic.unicamp.br/~helio/disciplinas/MC920/trabalho1.pdf}
}
@electronic{ref:func-gauss,
    title = "Funcao gaussiana scipy",
    howpublished = "Disponível em: \url{https://scipy-lectures.org/intro/scipy/auto_examples/solutions/plot_image_blur.html},
    Acesso em: 09-04-2019",
    url = {https://scipy-lectures.org/intro/scipy/auto_examples/solutions/plot_image_blur.html}
}
@electronic{ref:func-2d,
    title = "Funcao filtro espacial opencv",
    howpublished = "Disponível em: \url{https://docs.opencv.org/3.0-beta/modules/imgproc/doc/filtering.html#filter2d},
    Acesso em: 09-04-2019",
    url = {https://docs.opencv.org/3.0-beta/modules/imgproc/doc/filtering.html#filter2d}
}